<?xml version="1.0" encoding="UTF-8"?><collection xmlns="http://www.loc.gov/MARC21/slim"><record><leader>00397nam--2200133-i-4500</leader><controlfield tag="001">000031434</controlfield><controlfield tag="002">20161230</controlfield><controlfield tag="005">20161230201038</controlfield><controlfield tag="008">060222s1000------------r-----000-0-eng-d</controlfield><datafield ind1=" " ind2=" " tag="080"><subfield code="a">512.54:51-73</subfield></datafield><datafield ind1=" " ind2=" " tag="100"><subfield code="a">Mackey, George W</subfield></datafield><datafield ind1=" " ind2=" " tag="245"><subfield code="a">Unitary group representation in physics, and number theory</subfield></datafield><datafield ind1=" " ind2=" " tag="260"><subfield code="a">London, The Benjamin/Cummings Publishing Company, Inc., 1978. Xiv + 402p</subfield></datafield><datafield ind1=" " ind2=" " tag="852"><subfield code="a">70772</subfield></datafield></record></collection>